
     
     <record>
      <header>
       <identifier>oai:library.rochester.edu:URVoyager1/339</identifier>
       <datestamp>2011-03-23T15:43:35Z</datestamp>
       <setSpec>bib</setSpec>
      </header>
      <metadata>


	<marc:record xmlns:marc="http://www.loc.gov/MARC21/slim" xmlns:xsi="http://www.w3.org/2001/XMLSchema-instance" xsi:schemaLocation="http://www.loc.gov/MARC21/slim http://128.151.244.137:8080/OAIToolkit/schema/MARC21slim_custom.xsd">
	  <marc:leader>01703cjm a2200421Ia 4500</marc:leader>
	  <marc:controlfield tag="001">2461879</marc:controlfield>
	  <marc:controlfield tag="003">NRU</marc:controlfield>
	  <marc:controlfield tag="005">20080917121247.0</marc:controlfield>
	  <marc:controlfield tag="007">sd bsmenn|||||</marc:controlfield>
	  <marc:controlfield tag="008">780117s1975    nyujzn              zxx  </marc:controlfield>
	  <marc:datafield ind1=" " ind2=" " tag="010">
	    <marc:subfield code="a">   76760228 </marc:subfield>
	  </marc:datafield>
	  <marc:datafield ind1=" " ind2=" " tag="019">
	    <marc:subfield code="a">3218133</marc:subfield>
	  </marc:datafield>
	  <marc:datafield ind1="0" ind2="2" tag="028">
	    <marc:subfield code="a">CTI 6054 SI--CTI 6055 SI</marc:subfield>
	    <marc:subfield code="b">CTI Records</marc:subfield>
	  </marc:datafield>
	  <marc:datafield ind1=" " ind2=" " tag="035">
	    <marc:subfield code="a">(OCoLC)ocm03564449</marc:subfield>
	  </marc:datafield>
	  <marc:datafield ind1=" " ind2=" " tag="035">
	    <marc:subfield code="a">2461879</marc:subfield>
	  </marc:datafield>
	  <marc:datafield ind1=" " ind2=" " tag="035">
	    <marc:subfield code="a">(OCoLC)3564449</marc:subfield>
	    <marc:subfield code="z">(OCoLC)3218133</marc:subfield>
	  </marc:datafield>
	  <marc:datafield ind1=" " ind2=" " tag="040">
	    <marc:subfield code="a">DLC</marc:subfield>
	    <marc:subfield code="c">MAN</marc:subfield>
	    <marc:subfield code="d">OCL</marc:subfield>
	    <marc:subfield code="d">CGP</marc:subfield>
	    <marc:subfield code="d">OCLCQ</marc:subfield>
	    <marc:subfield code="d">RES</marc:subfield>
	  </marc:datafield>
	  <marc:datafield ind1=" " ind2=" " tag="045">
	    <marc:subfield code="a">x7x7</marc:subfield>
	  </marc:datafield>
	  <marc:datafield ind1=" " ind2=" " tag="049">
	    <marc:subfield code="a">RESM</marc:subfield>
	  </marc:datafield>
	  <marc:datafield ind1=" " ind2=" " tag="090">
	    <marc:subfield code="a">M1366.M8</marc:subfield>
	    <marc:subfield code="b">C3</marc:subfield>
	  </marc:datafield>
	  <marc:datafield ind1="1" ind2=" " tag="100">
	    <marc:subfield code="a">Mulligan, Gerry.</marc:subfield>
	    <marc:subfield code="4">prf</marc:subfield>
	  </marc:datafield>
	  <marc:datafield ind1="0" ind2="0" tag="245">
	    <marc:subfield code="a">Carnegie Hall concert</marc:subfield>
	    <marc:subfield code="h">[sound recording] /</marc:subfield>
	    <marc:subfield code="c">Gerry Mulligan ; Chet Baker..</marc:subfield>
	  </marc:datafield>
	  <marc:datafield ind1=" " ind2=" " tag="260">
	    <marc:subfield code="a">New York :</marc:subfield>
	    <marc:subfield code="b">CTI Records,</marc:subfield>
	    <marc:subfield code="c">p1975.</marc:subfield>
	  </marc:datafield>
	  <marc:datafield ind1=" " ind2=" " tag="300">
	    <marc:subfield code="a">2 sound discs :</marc:subfield>
	    <marc:subfield code="c">33 1/3 rpm, stereo. ;</marc:subfield>
	    <marc:subfield code="c">12 in.</marc:subfield>
	  </marc:datafield>
	  <marc:datafield ind1=" " ind2=" " tag="500">
	    <marc:subfield code="a">Durations on disc labels.</marc:subfield>
	  </marc:datafield>
	  <marc:datafield ind1=" " ind2=" " tag="500">
	    <marc:subfield code="a">Program notes by D. Ramsey on container.</marc:subfield>
	  </marc:datafield>
	  <marc:datafield ind1="0" ind2=" " tag="505">
	    <marc:subfield code="a">v.l.  Line for Lyons ; Song for an unfinished woman ;  My funny valentine -- v.2. Song for Strayhorn ; It's sandy at the beach ; Bernie's tune ; K-4 Pacific ; There will never be another you.</marc:subfield>
	  </marc:datafield>
	  <marc:datafield ind1="0" ind2=" " tag="511">
	    <marc:subfield code="a">Gerry Mulligan, baritone saxophone ; Chet Baker, trumpet ; Bob James, piano /electric piano ; Ron Carter, bass ; Harvey Mason, drums ; John Scofield, guitar ; Dave Samuels, vibes/percussion ; Ed Byrne, trombone..</marc:subfield>
	  </marc:datafield>
	  <marc:datafield ind1=" " ind2=" " tag="518">
	    <marc:subfield code="a">Recorded live on November 24, 1974.</marc:subfield>
	  </marc:datafield>
	  <marc:datafield ind1=" " ind2="0" tag="650">
	    <marc:subfield code="a">Jazz</marc:subfield>
	    <marc:subfield code="y">1971-1980.</marc:subfield>
	  </marc:datafield>
	  <marc:datafield ind1="1" ind2=" " tag="700">
	    <marc:subfield code="a">Baker, Chet.</marc:subfield>
	    <marc:subfield code="4">prf</marc:subfield>
	  </marc:datafield>
	  <marc:datafield ind1="1" ind2=" " tag="700">
	    <marc:subfield code="a">James, Bob,</marc:subfield>
	    <marc:subfield code="d">1939-</marc:subfield>
	    <marc:subfield code="4">prf</marc:subfield>
	  </marc:datafield>
	  <marc:datafield ind1="1" ind2=" " tag="700">
	    <marc:subfield code="a">Carter, Ron,</marc:subfield>
	    <marc:subfield code="d">1937-</marc:subfield>
	    <marc:subfield code="4">prf</marc:subfield>
	  </marc:datafield>
	  <marc:datafield ind1="1" ind2=" " tag="700">
	    <marc:subfield code="a">Mason, Harvey,</marc:subfield>
	    <marc:subfield code="d">1947-</marc:subfield>
	    <marc:subfield code="4">prf</marc:subfield>
	  </marc:datafield>
	  <marc:datafield ind1="1" ind2=" " tag="700">
	    <marc:subfield code="a">Scofield, John.</marc:subfield>
	    <marc:subfield code="4">prf</marc:subfield>
	  </marc:datafield>
	  <marc:datafield ind1="1" ind2=" " tag="700">
	    <marc:subfield code="a">Samuels, Dave.</marc:subfield>
	    <marc:subfield code="4">prf</marc:subfield>
	  </marc:datafield>
	  <marc:datafield ind1="1" ind2=" " tag="700">
	    <marc:subfield code="a">Byrne, Ed,</marc:subfield>
	    <marc:subfield code="c">trombonist.</marc:subfield>
	    <marc:subfield code="4">prf</marc:subfield>
	  </marc:datafield>
	  <marc:datafield ind1="2" ind2=" " tag="710">
	    <marc:subfield code="a">Ron Carter Audio Archive and Collection</marc:subfield>
	  </marc:datafield>
	  <marc:datafield ind1=" " ind2=" " tag="994">
	    <marc:subfield code="a">C0</marc:subfield>
	    <marc:subfield code="b">RES</marc:subfield>
	  </marc:datafield>
	</marc:record>

       </metadata>
     </record>
    </ListRecords>
</OAI-PMH>

